@article{cohen2005early,
  title={Early childhood},
  author={Cohen, Julie and Onunaku, Ngozi and Steffanie Clothier, NCSL and Poppe, Julie},
  year={2005}
}

@article{shonkoff2004young,
  title={Young children develop in an environment of relationships},
  author={Shonkoff, JP and Boyce, WT and Cameron, J and Duncan, GJ and Nathan, FA and Greenough, WT and Thompson, RA},
  journal={National Scientific Council on the Developing Child. Summer},
  pages={1--13},
  year={2004}
}

@article{walker2011inequality,
  title={Inequality in early childhood: risk and protective factors for early child development},
  author={Walker, Susan P and Wachs, Theodore D and Grantham-McGregor, Sally and Black, Maureen M and Nelson, Charles A and Huffman, Sandra L and Baker-Henningham, Helen and Chang, Susan M and Hamadani, Jena D and Lozoff, Betsy and others},
  journal={The lancet},
  volume={378},
  number={9799},
  pages={1325--1338},
  year={2011},
  publisher={Elsevier}
}


@article{grantham2007developmental,
  title={Developmental potential in the first 5 years for children in developing countries},
  author={Grantham-McGregor, Sally and Cheung, Yin Bun and Cueto, Santiago and Glewwe, Paul and Richter, Linda and Strupp, Barbara and International Child Development Steering Group and others},
  journal={The lancet},
  volume={369},
  number={9555},
  pages={60--70},
  year={2007},
  publisher={Elsevier}
}


@article{black2017early,
  title={Early childhood development coming of age: science through the life course},
  author={Black, Maureen M and Walker, Susan P and Fernald, Lia CH and Andersen, Christopher T and DiGirolamo, Ann M and Lu, Chunling and McCoy, Dana C and Fink, G{\"u}nther and Shawar, Yusra R and Shiffman, Jeremy and others},
  journal={The Lancet},
  volume={389},
  number={10064},
  pages={77--90},
  year={2017},
  publisher={Elsevier}
}

@article{britto2017nurturing,
  title={Nurturing care: promoting early childhood development},
  author={Britto, Pia R and Lye, Stephen J and Proulx, Kerrie and Yousafzai, Aisha K and Matthews, Stephen G and Vaivada, Tyler and Perez-Escamilla, Rafael and Rao, Nirmala and Ip, Patrick and Fernald, Lia CH and others},
  journal={The Lancet},
  volume={389},
  number={10064},
  pages={91--102},
  year={2017},
  publisher={Elsevier}
}

@article{engle2007strategies,
  title={Strategies to avoid the loss of developmental potential in more than 200 million children in the developing world},
  author={Engle, Patrice L and Black, Maureen M and Behrman, Jere R and De Mello, Meena Cabral and Gertler, Paul J and Kapiriri, Lydia and Martorell, Reynaldo and Young, Mary Eming and International Child Development Steering Group and others},
  journal={The lancet},
  volume={369},
  number={9557},
  pages={229--242},
  year={2007},
  publisher={Elsevier}
}

@article{maggi2010social,
  title={The social determinants of early child development: an overview},
  author={Maggi, Stefania and Irwin, Lori J and Siddiqi, Arjumand and Hertzman, Clyde},
  journal={Journal of paediatrics and child health},
  volume={46},
  number={11},
  pages={627--635},
  year={2010},
  publisher={Wiley Online Library}
}

@article{yousafzai2014effect,
  title={Effect of integrated responsive stimulation and nutrition interventions in the Lady Health Worker programme in Pakistan on child development, growth, and health outcomes: a cluster-randomised factorial effectiveness trial},
  author={Yousafzai, Aisha K and Rasheed, Muneera A and Rizvi, Arjumand and Armstrong, Robert and Bhutta, Zulfiqar A},
  journal={The Lancet},
  volume={384},
  number={9950},
  pages={1282--1293},
  year={2014},
  publisher={Elsevier}
}


@article{jeong2017pathways,
  title={Pathways between paternal and maternal education, caregivers’ support for learning, and early child development in 44 low-and middle-income countries},
  author={Jeong, Joshua and McCoy, Dana Charles and Fink, G{\"u}nther},
  journal={Early Childhood Research Quarterly},
  volume={41},
  pages={136--148},
  year={2017},
  publisher={Elsevier}
}

@article{jeong2016paternal,
  title={Paternal stimulation and early child development in low-and middle-income countries},
  author={Jeong, Joshua and McCoy, Dana Charles and Yousafzai, Aisha K and Salhi, Carmel and Fink, G{\"u}nther},
  journal={Pediatrics},
  volume={138},
  number={4},
  year={2016},
  publisher={American Academy of Pediatrics}
}


@article{domitrovich2017social,
  title={Social-emotional competence: An essential factor for promoting positive adjustment and reducing risk in school children},
  author={Domitrovich, Celene E and Durlak, Joseph A and Staley, Katharine C and Weissberg, Roger P},
  journal={Child development},
  volume={88},
  number={2},
  pages={408--416},
  year={2017},
  publisher={Wiley Online Library}
}

@article{rhoades2011examining,
  title={Examining the link between preschool social--emotional competence and first grade academic achievement: The role of attention skills},
  author={Rhoades, Brittany L and Warren, Heather K and Domitrovich, Celene E and Greenberg, Mark T},
  journal={Early childhood research quarterly},
  volume={26},
  number={2},
  pages={182--191},
  year={2011},
  publisher={Elsevier}
}

@article{mccoy2016early,
  title={Early childhood developmental status in low-and middle-income countries: national, regional, and global prevalence estimates using predictive modeling},
  author={McCoy, Dana Charles and Peet, Evan D and Ezzati, Majid and Danaei, Goodarz and Black, Maureen M and Sudfeld, Christopher R and Fawzi, Wafaie and Fink, G{\"u}nther},
  journal={PLoS medicine},
  volume={13},
  number={6},
  pages={e1002034},
  year={2016},
  publisher={Public Library of Science San Francisco, CA USA}
}

@article{alam2021early,
  title={Early childhood development in Bangladesh and its socio-demographic determinants of importance},
  author={Alam, M Iftakhar and Mansur, Mohaimen and Barman, Prianka},
  journal={Early Child Development and Care},
  pages={1--20},
  year={2021},
  publisher={Taylor \& Francis}
}


@article{sun2016factors,
  title={Factors related to parents’ engagement in cognitive and socio-emotional caregiving in developing countries: Results from Multiple Indicator Cluster Survey 3},
  author={Sun, Jin and Liu, Yuan and Chen, Eva E and Rao, Nirmala and Liu, Hongyun},
  journal={Early Childhood Research Quarterly},
  volume={36},
  pages={21--31},
  year={2016},
  publisher={Elsevier}
}

@article{bornstein2012cognitive,
  title={Cognitive and socioemotional caregiving in developing countries},
  author={Bornstein, Marc H and Putnick, Diane L},
  journal={Child development},
  volume={83},
  number={1},
  pages={46--61},
  year={2012},
  publisher={Wiley Online Library}
}

@article{behrman2013economic,
  title={Economic perspectives on some important dimensions of early childhood development in developing countries},
  author={Behrman, Jere R and Urz{\'u}a, Sergio},
  journal={Handbook of early childhood development research and its impact on global policy},
  volume={23},
  year={2013},
  publisher={Oxford University Press New York, NY, USA}
}

@article{bornstein2006parenting,
  title={Parenting science and practice.},
  author={Bornstein, Marc H},
  year={2006},
  publisher={John Wiley \& Sons Inc}
}

@report{mics, 
title = {Bangladesh {Bureau} of {Statistics} ({BBS}) and {UNICEF} {Bangladesh}. 2019. {Progotir} {Pathey}, {Bangladesh Multiple Indicator Cluster Survey 2019, Survey Findings Report. Dhaka, Bangladesh: Bangladesh Bureau of Statistics} ({BBS})},
author = {BBS and UNICEF, (2019)},
year = {2019}
}

@article{walker2007child,
  title={Child development: risk factors for adverse outcomes in developing countries},
  author={Walker, Susan P and Wachs, Theodore D and Gardner, Julie Meeks and Lozoff, Betsy and Wasserman, Gail A and Pollitt, Ernesto and Carter, Julie A and International Child Development Steering Group and others},
  journal={The lancet},
  volume={369},
  number={9556},
  pages={145--157},
  year={2007},
  publisher={Elsevier}
}

@article{national2000neurons,
  title={From neurons to neighborhoods: The science of early childhood development},
  author={National Research Council and others},
  year={2000},
  publisher={National Academies Press}
}

@book{vygotsky1978mind,
  title={Mind in society: Development of higher psychological processes},
  author={Vygotsky, Lev Semenovich and Cole, Michael},
  year={1978},
  publisher={Harvard university press}
}

@article{wachs2013nature,
  title={The nature and impact of risk and protective influences on children's development in low-income countries.},
  author={Wachs, Theodore D and Rahman, Atif},
  year={2013},
  publisher={Oxford University Press}
}

@article{bowlby1969attachment,
  title={Attachment and loss New York: Basic},
  author={Bowlby, J},
  year={1969}
}

@article{bronfenbrenner2007bioecological,
  title={The bioecological model of human development},
  author={Bronfenbrenner, Urie and Morris, Pamela A},
  journal={Handbook of child psychology},
  volume={1},
  year={2007},
  publisher={John Wiley \& Sons, Inc. Hoboken, NJ, USA}
}

@article{overton2015processes,
  title={Processes, relations, and relational-developmental-systems.},
  author={Overton, Willis F},
  year={2015},
  publisher={John Wiley \& Sons, Inc.}
}

@book{irwin2007early,
  title={Early child development: A powerful equalizer},
  author={Irwin, Lori G and Siddiqi, Arjumand and Hertzman, Glyde and others},
  year={2007},
  publisher={Human Early Learning Partnership (HELP) Vancouver, BC}
}